@article{auzinger2013,
  author =     "Thomas Auzinger and Michael Wimmer and Stefan Jeschke",
  title =      "Analytic Visibility on the GPU",
  year =       "2013",
  pages =      "409--418",
  month =      may,
  number =     "2",
  journal =    "Computer Graphics Forum (Proc. Eurographics)",
  volume =     "32",
}

@article{karsch2011,
 author = {Karsch, Kevin and Hart, John C.},
 title = {Snaxels on a Plane},
 journal = {Proc. NPAR},
 year = {2011},
 pages = {35--42},
} 

@article{asente2007,
 author = {Asente, Paul and Schuster, Mike and Pettit, Teri},
 title = {Dynamic Planar Map Illustration},
 journal = {Proc. SIGGRAPH, ACM TOG},
 volume = {26},
 number = {3},
 year = {2007},
} 

@article{eisemann2008,
 author = {Eisemann, Elmar and Winnem\"{o}ller, Holger and Hart, John C. and Salesin, David},
 title = {Stylized Vector Art from 3D Models with Region Support},
 journal = {Proc. EGSR},
 year = {2008},
 pages = {1199--1207},
} 

@article{eisemann2009,
 author = {Eisemann, Elmar and Paris, Sylvain and Durand, Fr{\'e}do},
 title = {A Visibility Algorithm for Converting 3D Meshes into Editable 2D Vector Graphics},
 journal = {ACM TOG},
 volume = {28},
 number = {3},
 year = {2009},
 pages = {83:1--83:8},
} 

@article{hertzmann2000,
 author = {Hertzmann, Aaron and Zorin, Denis},
 title = {Illustrating Smooth Surfaces},
 journal = "Proc. SIGGRAPH",
 year = {2000},
 pages = {517--526},
} 

@article{stroila2008,
 author = {Stroila, Matei and Eisemann, Elmar and Hart, John},
 title = {Clip Art Rendering of Smooth Isosurfaces},
 journal = {IEEE TVCG},
 volume = {14},
 number = {1},
 year = {2008},
 pages = {135--145},
} 

@article{winkenbach94,
 author = {Winkenbach, Georges and Salesin, David H.},
 title = {Computer-generated Pen-and-ink Illustration},
 journal = {Proc. SIGGRAPH},
 year = {1994},
 pages = {91--100},
} 

@article{manson2011,
title = {Wavelet Rasterization},
author = {Manson, Josiah and Schaefer, Scott},
journal = {Computer Graphics Forum},
volume = 30,
number = 2,
year = {2011},
}

@article{reshetov2009,
 author = {Reshetov, Alexander},
 title = {Morphological Antialiasing},
 article = "Proc. HPG",
 year = {2009},
 pages = {109--116},
} 

@article{jimenez2012,
 author = {Jimenez, Jorge and Echevarria, Jose I. and Sousa, Tiago and Gutierrez, Diego},
 title = {SMAA: Enhanced Subpixel Morphological Antialiasing},
 journal = {CGF}
 volume = {31},
 number = {2},
 year = {2012},
 pages = {355--364},
} 

@article{lefebvre2006,
 author = {Lefebvre, Sylvain and Hoppe, Hugues},
 title = {Perfect Spatial Hashing},
 journal = {Proc. SIGGRAPH, ACM TOG},
 volume = {25},
 number = {3},
 year = {2006},
 pages = {579--588},
}


